@book{example1,
	note={\url{http://worldkit.googlecode.com/svn/trunk/pysuperbible/chapt04/SphereWorld/sphereworld.py}}
}

@book{orbit1,
	Title = {Simulate an orbit with orbital elements},
	note={\url{http://astronomy.stackexchange.com/questions/12716/simulate-an-orbit-with-orbital-elements}}
}

@book{orbit2,
	Title = {Relationships of the Geometry, Conservation of Energy and Momentum},
	note={\url{http://www.bogan.ca/orbits/kepler/orbteqtn.html}}
}
,
@book{orbit3,
	Title = {Kepler's Laws},
	note={\url{http://hyperphysics.phy-astr.gsu.edu/hbase/kepler.html}}
}

@book{orbit5,
	Title = {So, you want to calculate orbits?},
	note={\url{http://www.orbiter-forum.com/showthread.php?t=26682}}
}